https://searchsecurity.techtarget.com/feature/Introduction-to-big-data-security-analytics-in-the-enterprise
https://bi-survey.com/big-data-security-analytics
http://wenke.gtisc.gatech.edu/ids-readings/network_id.pdf
https://www.researchgate.net/publication/220637927_The_Use_of_Artificial_Intelligence_based_Techniques_for_Intrusion_Detection_-_A_Review
http://www.9tut.com/netflow-tutorial

@misc{suricatadef,
				title = {Suricata - Open Source IDS},
				howpublished = {\url{https://suricata-ids.org/}}
}

@misc{zerodaydef,
				title = {What is Zero Day Exploit?},
				howpublished = {\url{https://www.kaspersky.com/resource-center/definitions/zero-day-exploit}}
}

@misc{snort,
				title = {Snort - Network Intrusion Detection and Prevention System},
				howpublished = {\url{https://www.snort.org/}}
}

@misc{idswithfirewall,
				title = {Intrusion detection and prevention: More than a firewall},
				howpublished = {\url{https://searchcio.techtarget.com/tip/Intrusion-detection-and-prevention-More-than-a-firewall}}
}

@misc{bitcoindef,
				title = {Bitcoin},
				howpublished = {\url{https://bitcoin.org/it}}
}

@misc{bitcoinbotnet,
				title = {“Mining” Botnets are Back - Infecting Thousands of PCs, Generating Hundreds of Thousands of Dollars for Criminals},
				howpublished = {\url{https://www.kaspersky.com/about/press-releases/2017_mining-botnets-are-back-infecting-thousands-of-pcs}}
}

@misc{phishingbotnet,
   editor = {Trend Micro},
   author = {Danielle Anne Veluz},
   title = {Tequila botnet leads to phishing attack},
   date = {11},
   month = Jun,
   year = {2010},
   howpublished = {\url{http://www.trendmicro.com/vinfo/us/threat-encyclopedia/web-attack/48/tequila-botnet-leads-to-phishing-attack}},
 }

@misc{clickfraudbotnet,
				title = {Video Ad Fraud Botnet Bags Up to 1.3 Million Daily},
				howpublished = {\url{https://www.bankinfosecurity.com/video-ad-fraud-botnet-generated-up-to-13-million-day-a-10470}}
}

@misc{ddosbotnet,
				title = {Inside the infamous Mirai IoT Botnet: A Retrospective Analysis},
				howpublished = {\url{Inside the infamous Mirai IoT Botnet: A Retrospective Analysis}}
}

@misc{botnetspam,
				title = {McAfee: due sole botnet per (quasi) tutto lo spam del mondo},
				howpublished = {\url{https://www.punto-informatico.it/mcafee-due-sole-botnet-per-quasi-tutto-lo-spam-del-mondo-2/}}
}

@misc{intro,
				title = {NetFlow AND PCAP (not or)},
				howpublished = {\url{https://blogs.cisco.com/security/netflow-and-pcap-not-or}}
}

@misc{Ukrainian:Report,
  title = {{Analysis of the Cyber Attack on the Ukrainian Power Grid.}},
  howpublished = "\url{http://www.nerc.com/pa/CI/ESISAC/Documents/E-ISAC_SANS_Ukraine_DUC_18Mar2016.pdf}",
  month = "visited in Jun.",
  year = "2018"
}

@misc{WikiLeaks:Vault7,
  title = {{WikiLeaks Vault7: Archimedes documentation.}},
  howpublished = "\url{https://wikileaks.org/vault7/#Archimedes}",
  month = "visited in Jun.",
  year = "2017"
}

@misc{Symantec:Report18,
  title = {{Internet Security Threat Report 2018.}},
  howpublished = "\url{https://www.symantec.com/security-center/threat-report}",
  month = "visited in Jun.",
  year = "2018"
}

@misc{IBM:Watson,
  author = {},
  title = {{IBM Watson}},
  howpublished = "https://www.ibm.com/security/artificial-intelligence",
  month = "Visited in Sep.",
  year = "2018"
}

@misc{Darktrace:ML,
  title = {{DarkTrace}},
  howpublished = "https://www.darktrace.com/en/press/2017/204/",
  month = "visited in Sep.",
  year = "2018"
}

@misc{Virustotal:URL,
  title = {{VirusTotal}},
  howpublished = "https://www.virustotal.com",
  month = "visited in Aug.",
  year = "2018"
}

@inproceedings{Apruzzese:Periodic,
  title={Identifying malicious hosts involved in periodic communications},
  author={Apruzzese, Giovanni and Marchetti, Mirco and Colajanni, Michele and Zoccoli, Gabriele Gambigliani and Guido, Alessandro},
  booktitle={Network Computing and Applications (NCA), 2017 IEEE 16th International Symposium on},
  year={2017},
  organization={IEEE}
}

@misc{ApacheSpot:URL,
  author = {},
  title = {{Apache Spot.}},
  howpublished = "http://spot.incubator.apache.org/",
  month = "Jun.",
  year = "2018"
}

@misc{dateutildef,
				title = {dateutil - Python},
				howpublished = {\url{https://pypi.org/project/python-dateutil/}}
}

@misc{sparsedef,
				title = {sparse - Python},
				howpublished = {\url{https://pypi.org/project/sparse/}}
}

@misc{zodbdef,
				title = {Zodb - a native object database for Python},
				howpublished = {\url{http://www.zodb.org/en/latest/}}
}

@misc{persistentdef,
				title = {persistent = Python},
				howpublished = {\url{https://pypi.org/project/persistent/}}
}

@misc{transactiondef,
				title = {transaction - Python},
				howpublished = {\url{https://pypi.org/project/transaction/}}
}

@misc{prettytabledef,
				title = {prettytable - Python},
				howpublished = {\url{https://pypi.org/project/PrettyTable/}}
}

@misc{pipdef,
				title = {pip - Python},
				howpublished = {\url{https://pypi.org/project/pip/}}
}

@misc{gitdef,
				title = {git - distributed is the new centralized},
				howpublished = {\url{https://git-scm.com/about}}
}

@misc{queuedef,
				title = {Queue - Python docs},
				howpublished = {\url{https://docs.python.org/2/library/queue.html}}
}

@misc{hyperthreading,
				title = {Hyper - Threading},
				howpublished = {\url{https://it.wikipedia.org/wiki/Hyper-Threading}}
}

@misc{slipscurrent,
				title = {Stratosphere Linux IPS latest commit},
				howpublished = {\url{https://github.com/stratosphereips/StratosphereLinuxIPS/tree/d9f42edf728dc7be21a5f441b6851e24071b966a}}
}

@misc{alpha,
				title = {Alpha Software Definition},
				howpublished = {\url{https://techterms.com/definition/alpha_software}}
}

@misc{stratosphereSuite,
				title = {Stratosphere IPS - Protecting the civil society through high quality research},
				howpublished = {\url{https://www.stratosphereips.org/stratosphere-ips-suite}}
}

@misc{solarwinds,
				title = {SolarWinds},
				howpublished = {\url{https://www.solarwinds.com/network-performance-monitor}}
}

@misc{facialrecognition,
				title = {Making Facial Recognition Smarter With Artificial Intelligence},
				howpublished = {\url{https://www.forbes.com/sites/jenniferhicks/2018/09/30/making-facial-recognition-smarter-with-artificial-intelligence/#565964e1c8f1}}
}

@misc{applehomepod,
				title = {Apple explains how ‘Hey Siri’ works using a Deep Neural Network and machine learning},
				howpublished = {\url{https://9to5mac.com/2017/10/18/how-hey-siri-works/}}
}

@misc{amazonalexa,
				title = {Machine Learning In Practice: How Does Amazon's Alexa Really Work?},
				howpublished = {\url{https://www.forbes.com/sites/bernardmarr/2018/10/05/how-does-amazons-alexa-really-work/#227507bf1937}}
}

@misc{googlehome,
				title = {Google Assistant and Artificial Intelligence – The future of simulated communication},
				howpublished = {\url{https://campaignsoftheworld.com/digital/google-assistant-and-artificial-intelligence/}}
}

@misc{ocr,
				title = {Optical Character Recognition},
				howpublished = {\url{https://en.wikipedia.org/wiki/Optical_character_recognition}}
}

@misc{spamemail,
				title = {Comparison of machine learning techniques in email spam detection},
				howpublished = {\url{https://dev.to/matchilling/comparison-of-machine-learning-techniques-in-email-spam-detection}}
}

@misc{tesla,
				title = {How Tesla is ushering in the age of the learning car},
				howpublished = {\url{http://fortune.com/2015/10/16/how-tesla-autopilot-learns/}}
}

@misc{bigdata,
				title = {Big Data Security Analytics: A Weapon Against Rising Cyber Security Attacks?},
				howpublished = {\url{https://bi-survey.com/big-data-security-analytics}}
}

@misc{slips,
				title = {Stratosphere IPS for Linux},
				howpublished = {\url{https://github.com/stratosphereips/StratosphereLinuxIPS}}
}

@misc{octave,
				title = {GNU Octave},
				howpublished = {\url{https://www.gnu.org/software/octave/}}
}

@misc{stf,
				title = {StratosphereTestingFramework - GitHub}
				howpublished = {\url{https://github.com/stratosphereips/StratosphereTestingFramework#installation-and-dependencies}}
}

@misc{virtualbox,
				title = {VirtualBox},
				howpublished = {\url{https://www.virtualbox.org/}}
}

@misc{nProbe,
				title = {nProbe},
				howpublished = {\url{https://www.ntop.org/products/netflow/nprobe/}}
}

@misc{Argus,
				title = {Argus},
				howpublished = {\url{https://qosient.com/argus/}}
}

@misc{auditTrail,
				title = {ATIS Telecom glossary - Audit trail},
				howpublished = {\url{https://web.archive.org/web/20130313232104/http://www.atis.org/glossary/definition.aspx?id=5572}}
}

@misc{pcap,
				title = {Wikipedia, the free encyclopedia - pcap},
				howpublished = {\url{https://en.wikipedia.org/wiki/Pcap}}
}

@misc{argusdef,
				title = {Argus – Audit Record Generation and Utilization System},
				howpublished = {\url{https://en.wikipedia.org/wiki/Argus_\%E2\%80\%93_Audit_Record_Generation_and_Utilization_System}}
}


@misc{netflowDef,
				howpublished = {\url{https://pliki.ip-sa.pl/wiki/Wiki.jsp?page=NetFlow}}
}

@misc{netflowdef2,
				title = {NetFlow - Wikipedia},
				howpublished = {\url{https://en.wikipedia.org/wiki/NetFlow}}
}



@misc{MalwareDef,
				title = {{Malware} definition},
				howpublished = {\url{https://techterms.com/definition/malware}},
				note = {Accessed: 27-04-2016}
}

@misc{VirusDef,
				title = {SICUREZZA: VIRUS, WORM, TROJAN...},
				howpublished = {\url{http://www.bloomriot.org/91/sicurezza-virus-worm-trojan.html}}
}

@misc{Spyware1,
				title = {What is Spyware? - Definition},
				howpublished = {\url{https://www.kaspersky.com/resource-center/threats/spyware}}
}

@misc{phishingdef,
				title = {Phishing definition - Urban dictionary},
				howpublished = {\url{https://www.urbandictionary.com/define.php?term=phishing}}
}

@misc{Spyware2,
				title = {spyware},
				howpublished = {\url{https://searchsecurity.techtarget.com/definition/spyware}},
				note = {Accessed: september 2016}
}

@misc{ScopoMalware,
				title = { FEDERAL TRADE COMMISSION- CONSUMER INFORMATION, "Malware"},
				howpublished = {\url{https://www.consumer.ftc.gov/articles/0011-malware}},
				note = {Accessed: November 2015}
}

@misc{MalwareRevolution,
				title = {Malware Revolution: A Change in Target},
				howpublished = {\url{https://docs.microsoft.com/en-us/previous-versions/tn-archive/cc512596(v=technet.10)}},
				note = {Published: 05/20/2008}
}

@misc{Botnet,
				title = {{Anatomy} of a Botnet},
				howpublished = {\url{https://web.archive.org/web/20170201233855/https://www.scribd.com/document/179124526/Anatomy-of-a-Botnet-WP-pdf}},
				note = {Accessed: 2017-02-01}
}

@misc{TrojanDef,
				title = {Tojan Horse Definition},
				howpublished = {\url{https://techterms.com/definition/trojanhorse}}
}

@misc{TrojanPurpose,
				title = {What is a Trojan Virus? - Definition},
				howpublished = {\url{https://usa.kaspersky.com/resource-center/threats/trojans#.VvD3eOLhDtQ}}
}

@techreport{reteneuraleids,
				author = {L. P. Dias, J. J. F. Cerqueira, K. D. R. Assis, R. C. Almeida},
				title = {Using artificial neural network in intrusion detection systems to computer networks},
				institution = {Federal University of Bahia, Salvador Brazil},
				year = {September 2017}
}

@techreport{idswithav,
				author = {J. Greensmith, U. Aickelin},
				title = {Firewall, Intrusion Detection Systems and Anti-Virus Scanners},
				institution = {University of Nottingham, UK},
				year = {February 2005}
}

@techreport{idswithacl,
				author = {A. Hyils Sharon Magdalene, K. Rajalakshmi},
				title = {Intrusion Detection Prevention System using ACL and AAA},
				institution = {ManonmaniamSundaranar University, Tirunelveli India},
				year = {April 2014}
}

@techreport{IDS,
				author = {Stefan Axelsson},
				title = {Intrusion Detection Systems: A Survey and Taxonomy},
				institution = {University of Technology Goteborg Sweden},
				year = {14 March 2000}
}

@techreport{honeypotbotnetdetection,
				author = {P. Wang, L. Wu, R. Cunningham, C. Zou},
				title = {Honeypot detection in advanced botnet attacks},
				institution = {University of Central Florida, North Carolina State University},
				year = {February 2010}
}

@techreport{dataminingbotnetdetection,
				author = {E. Alparslan, A. Karahoca, D. Karahoca},
				title = {BotNet Detection: Enhancing Analysis by Using Data Mining Techniques},
				year = {September 2012}
}

@techreport{netflowbotnetdetection,
				author = {P. Amini, R. Azmi, M. Araghizadeh},
				title = {Botnet Detection using NetFlow and Clustering},
				institution = {Malek-Ashtar University of Technology Tehran Iran, Alzahra University Tehran Iran, University of Tehran},
				year = {March 2014}
}

@techreport{dnsbotnetdetection,
				author = {K. Alieyan, A. Almomani, A. Manasrah, M. Kadhum},
				title = {A survey of botnet detection based on DNS},
				institution = {University Sains Malaysia, Al-Balqa' Applied University},
				year = {December 2015}
}

@techreport{signaturebotnetdetection,
				author = {S. Behal, K. Kumar Saluja, A. Singh Brar},
				title = {Signature-based Botnet Detection and Prevention},
				institution = {Deptt of CSE Ferozepur India, Deptt of CSE Ludhiana India}
}

@techreport{trafficflow,
				author = {N. Brownlee, C. Mills, G. Ruth},
				title = {Traffic Flow Measurement: Architecture},
				institution = {University of Auckland},
				year = {October 1999}

@book{idsBook,
				title = {Computer Security: Protecting Digital Resources},
				author = {Robert Newman},
				year = {2009}
}

@book{IPS,
				title = {Principles of Information Security},
				author = {Michael E. Whitman, Herbert J. Mattord},
				publisher = {Course Technology},
				isbn = {1111138214,9781111138219},
				year = {2011},
				series = {},
				edition = {4},
				volume = {},
				url = {http://gen.lib.rus.ec/book/index.php?md5=CA636A7DFAAEB0BE2DF0A92DB28926D2}
}

@book{botnetdetection,
               title =     {Botnet Detection: Countering the Largest Security Threat (Advances in Information Security)},
               author =    {Wenke Lee, Cliff Wang, David Dagon},
               publisher = {Springer},
               isbn =      {1441943307,9781441943309},
               year =      {2010},
               series =    {},
               edition =   {Softcover reprint of hardcover 1st ed. 2008},
               volume =    {},
               url =       {http://gen.lib.rus.ec/book/index.php?md5=80E9FD008303A85187732DF21172B497}
}

@book{phishing,
               title =     {Handbook of Information and Communication Security},
               author =    {Peter Stavroulakis, Mark Stamp},
               publisher = {Springer},
               isbn =      {3642041167,9783642041167},
               year =      {2010},
               series =    {},
               edition =   {1st Edition.},
               volume =    {},
               url =       {http://gen.lib.rus.ec/book/index.php?md5=D560CD26A164A3424B8924B77333083D}
}

@book{mldef,
               title =     {Machine Learning},
               author =    {Tom M. Mitchell},
               publisher = {McGraw-Hill},
               isbn =      {9780070428072,0070428077},
               year =      {1997},
               series =    {McGraw-Hill series in computer science},
               edition =   {1},
               volume =    {},
               url =       {http://gen.lib.rus.ec/book/index.php?md5=F3AA83FB7ADAB9C8675871A717DB6231}
}

@book{ai,
               title =     {Artificial Intelligence: A Modern Approach},
               author =    {Stuart Russell, Peter Norvig},
               publisher = {Prentice Hall},
               isbn =      {0137903952,9780137903955,0130803022},
               year =      {2002},
               series =    {},
               edition =   {2nd},
               volume =    {},
               url =       {http://gen.lib.rus.ec/book/index.php?md5=67E4CFEBE59C31D85BB10BFDF64BC39F}
}

@book{compIntelligence,
               title =     {Springer Handbook of Computational Intelligence},
               author =    {Janusz Kacprzyk, Witold Pedrycz (eds.)},
               publisher = {Springer-Verlag Berlin Heidelberg},
               isbn =      {978-3-662-43504-5,978-3-662-43505-2},
               year =      {2015},
               series =    {},
               edition =   {1},
               volume =    {},
               url =       {http://gen.lib.rus.ec/book/index.php?md5=9a8be273cb64f27b806ec3c1cabb6469}
}

@article{brown2010resilient,
  title={Resilient botnet command and control with tor},
  author={Brown, Dennis},
  journal={DEF CON},
  volume={18},
  year={2010}
}
